<record><leader>00000cas a22000007a 4500</leader><controlfield tag="001">21417668</controlfield><controlfield tag="008">900423d18861955moudr ne      0    0eng d</controlfield><datafield ind1=" " ind2=" " tag="010"><subfield code="a">sn 90061667 </subfield></datafield><datafield ind1=" " ind2=" " tag="040"><subfield code="a">MQN</subfield><subfield code="b">eng</subfield><subfield code="c">MQN</subfield><subfield code="d">OCLCQ</subfield></datafield><datafield ind1=" " ind2=" " tag="042"><subfield code="a">msc</subfield></datafield><datafield ind1="0" ind2="0" tag="245"><subfield code="a">Rich Hill daily review.</subfield></datafield><datafield ind1=" " ind2=" " tag="260"><subfield code="a">Rich Hill, Mo. :</subfield><subfield code="b">Irish &amp; Walters</subfield></datafield><datafield ind1=" " ind2=" " tag="300"><subfield code="a">v.</subfield></datafield><datafield ind1=" " ind2=" " tag="310"><subfield code="a">Daily</subfield></datafield><datafield ind1="1" ind2=" " tag="362"><subfield code="a">Began in 1886? Ceased in 1955?</subfield></datafield><datafield ind1=" " ind2=" " tag="580"><subfield code="a">Weekly eds.: Mining review (Rich Hill, Mo.), &lt;Nov. 24, 1898&gt;-Jan. 4, 1912; Rich Hill mining review, Jan. 11, 1912-&lt;1955?&gt;.</subfield></datafield><datafield ind1=" " ind2=" " tag="588"><subfield code="a">Description based on: Vol. 1, no. 164 (Feb. 7, 1888).</subfield></datafield><datafield ind1=" " ind2=" " tag="752"><subfield code="a">United States</subfield><subfield code="b">Missouri</subfield><subfield code="c">Bates</subfield><subfield code="d">Rich Hill.</subfield></datafield><datafield ind1="1" ind2=" " tag="775"><subfield code="t">Mining review (Rich Hill, Mo.)</subfield><subfield code="w">(DLC)sn 90061668</subfield></datafield><datafield ind1="1" ind2=" " tag="775"><subfield code="t">Rich Hill mining review</subfield><subfield code="w">(DLC)sn 90061679</subfield></datafield></record>